@String{ acm = {{ACM Press}} }

@String{ cacm = {{Commun. ACM}} }

@String{ cpe = {{Concurrency --- Practice and Experience}} }

@String{ jfp = {{J. Funct. Program.}} }

@String{ mkp = {{Morgan Kaufmann Publishers}} }

@String{ ppp = {{Parallel Processing Letters}} }

@String{ s-v = {{Springer}} }

@String{ tpds = {{IEEE Trans. Parallel Distrib. Syst.}} }

\%\% This BibTeX bibliography file was created using BibDesk.
\%\% http://bibdesk.sourceforge.net/

\%\% Created for Majed Al Saeed at 2012-11-01 10:33:01 +0000 

\%\% Saved with string encoding Unicode (UTF-8) 

@MISC{secondyear,
    author = {Robert Lamar},
    title = {The MathLang Formalisation Path into Isabelle -- A Second-Year report},
    year = {2003}
}


@misc{pp,
      author = {Rob Arthan},
      title = {Proof Power},
      month = {February},
      year = {2011},
      howpublished = {\url{http://www.lemma-one.com/ProofPower/index/}}
}

@misc{bmeth,
      author = {Clearsy Systems Engineering},
      title = {B Methode},
      year = {2013},
      howpublished = {\url{http://www.methode-b.com/en/}}
}

@misc{wifrm,
      author = {Ricky W Butler},
      title = {What is Formal Methods},
      month = {March},
      year = {2001},
      howpublished = {\url{http://shemesh.larc.nasa.gov/fm/fm-what.html}}
}


@misc{isabelle,
	  title = {Isabelle},
      author = {University of Cambridge, Technische Universität München},
      month = {May},
      year = {2015},
      howpublished = {\url{http://www.macs.hw.ac.uk/~lb89/zmathlang/}}
}

@misc{zmathweb,
	  title = {ZMathLang},
      author = {Lavinia Burski},
      month = {Jan},
      year = {2016},
      howpublished = {\url{http://isabelle.in.tum.de/}}
}


@Manual{xppMan,
title = {ProofPower, Xpp User Guide},
OPTauthor = {R.D. Arthan},
organization = {Lemma 1 Ltd},
edition = {1.38},
month = {August},
year = {2009}
}

@Manual{sledgehammer,
title = {Hammering Away, A user's guide to Sledgehammer for Isabelle/HOL},
author = {Jasmin Christian Blanchette},
organization = {Institut fur Informatik, Technische Universitat Munchen},
month = {May},
year = {2015}
}


@Misc{zrefcard,
	title = {{Mike Spivey}},
	howpublished = {\url{https://spivey.oriel.ox.ac.uk/mike/fuzz/refcard.pdf}},
	key = {zrefcard},
	note = {Accessed on November 2014}
}

@book{spiveyreferencemanual,
 author = {Spivey, J. M.},
 title = {The Z Notation: A Reference Manual},
 year = {1989},
 isbn = {0-13-983768-X},
 publisher = {Prentice-Hall, Inc.},
 address = {Upper Saddle River, NJ, USA}
} 

@MISC{Krauss08definingrecursive,
    author = {Alexander Krauss},
    title = {Defining Recursive Functions in Isabelle/HOL },
    year = {2008}
}

@ARTICLE{wtt,
  author = {Fairouz Kamareddine and Rob Nederpelt},
  title = {A refinement of de {Bruijn's} formal language of mathematics},
  journal = {Logic, Language and Information},
  year = 2004,
  volume = 13,
  pages = {287--340},
  number = {3}
  }
  
  @PhdThesis{krzysztofphd,
author = {Krzysztof Retel},
title = {Gradual Computerisation and Verification of Mathematics: MathLang's Path into Mizar},
school = {Heriot-Watt University},
year = {2009}
}

@PhdThesis{manuelphd,
author = {Manuel Maarek},
title = {Mathematical documents faithfully computerised: the grammatical and test \& symbol aspects of the MathLang Framework},
school = {Heriot-Watt University},
year = {2007}
}

@PhdThesis{lamarphd,
author = {Robert Lamar},
title = {A Partial Translation Path from MathLang to Isabelle},
school = {Heriot-Watt University},
year = {2011}
}

@Article{mv,
author = {N.G. de Bruijn.},
title = {The mathematical vernacular, a language for mathematics with typed set},
journal = {In Workshop on Programming Logic},
year = {1987}
}

@INPROCEEDINGS{mathintomizar,
    author = {Fairouz Kamareddine and Manuel Maarek and Krzysztof Retel and J. B. Wells},
    title = {Gradual computerisation/formalisation of mathematical texts into Mizar},
    booktitle = {From Insight to Proof: Festschrift in Honour of Andrzej Trybulec},
    year = {2007},
    pages = {81--95},
    publisher = {Springer-Verlag}
}

@Misc{researchprop,
author = {Fairouz Kamareddine and J.B.Wells},
title = {A research proposal to UK funding body},
howpublished = {Formath},
year = {2000}
}

@MISC{firstyear,
    author = {Manuel Maarek},
    title = {Mathematical documents faithfully computerised:the grammatical and text \& symbol aspects of the MathLang framework, First Year Report},
    year = {2003}
}

@inproceedings{oomathlang,
  added-at = {2006-02-08T00:00:00.000+0100},
  author = {Kamareddine, Fairouz and Maarek, Manuel and Wells, J. B.},
  biburl = {http://www.bibsonomy.org/bibtex/283ae2c8dc0b749d9edb54afa3dcd8321/dblp},
  booktitle = {MKM},
  date = {2006-02-08},
  description = {dblp},
  editor = {Kohlhase, Michael},
  ee = {http://dx.doi.org/10.1007/11618027_15},
  interhash = {59c8c4bb85241603672fc602d888c780},
  intrahash = {83ae2c8dc0b749d9edb54afa3dcd8321},
  isbn = {3-540-31430-X},
  keywords = {dblp},
  pages = {217-233},
  publisher = {Springer},
  series = {Lecture Notes in Computer Science},
  timestamp = {2006-02-08T00:00:00.000+0100},
  title = {Toward an Object-Oriented Structure for Mathematical Text.},
  url = {http://dblp.uni-trier.de/db/conf/mkm/mkm2005.html#KamareddineMW05},
  volume = {3863},
  year = {2005}
}

@TechReport{cmtim,
  author =      {Fairouz Kamareddine and J. B. Wells and Christoph Zengler},
  title =       {{Computerising mathematical texts in MathLang.}},
  howpublished = {\url{http://www.cedar-forest.org/forest/papers/drafts/mathlang-coq-long.pdf}},
  url =         {http://www.cedar-forest.org/forest/papers/drafts/mathlang-coq-long.pdf},
  institution =  {Heriot-Watt University},
  keywords =     {lamapunbibs},
  year =         {2008}
  }
  
@inproceedings{mathintoisa,
  added-at = {2009-09-02T00:00:00.000+0200},
  author = {Lamar, Robert and Kamareddine, Fairouz and Wells, J. B.},
  biburl = {http://www.bibsonomy.org/bibtex/2db23af1857800a95ae720034b1fd612d/dblp},
  booktitle = {Calculemus/MKM},
  date = {2009-09-02},
  description = {dblp},
  editor = {Carette, Jacques and Dixon, Lucas and Coen, Claudio Sacerdoti and Watt, Stephen M.},
  ee = {http://dx.doi.org/10.1007/978-3-642-02614-0_30},
  interhash = {6ca2042ae0f57d4e19c021d3c590c051},
  intrahash = {db23af1857800a95ae720034b1fd612d},
  isbn = {978-3-642-02613-3},
  keywords = {dblp},
  pages = {373-388},
  publisher = {Springer},
  series = {Lecture Notes in Computer Science},
  timestamp = {2009-09-02T00:00:00.000+0200},
  title = {MathLang Translation to Isabelle Syntax.},
  url = {http://dblp.uni-trier.de/db/conf/mkm/mkm2009.html#LamarKW09},
  volume = 5625,
  year = {2009}
}

@inproceedings{restoringtsa,
  added-at = {2007-09-03T00:00:00.000+0200},
  author = {Kamareddine, Fairouz and Lamar, Robert and Maarek, Manuel and Wells, J. B.},
  biburl = {http://www.bibsonomy.org/bibtex/2ae1d2c855aea65a70b49c88298064ff9/dblp},
  booktitle = {Calculemus/MKM},
  date = {2007-09-03},
  description = {dblp},
  editor = {Kauers, Manuel and Kerber, Manfred and Miner, Robert and Windsteiger, Wolfgang},
  ee = {http://dx.doi.org/10.1007/978-3-540-73086-6_23},
  interhash = {2f27389884535b23b4f6534cb6a91757},
  intrahash = {ae1d2c855aea65a70b49c88298064ff9},
  isbn = {978-3-540-73083-5},
  keywords = {dblp},
  pages = {280-295},
  publisher = {Springer},
  series = {Lecture Notes in Computer Science},
  timestamp = {2007-09-03T00:00:00.000+0200},
  title = {Restoring Natural Language as a Computerised Mathematics Input Method.},
  url = {http://dblp.uni-trier.de/db/conf/mkm/mkm2007.html#KamareddineLMW07},
  volume = 4573,
  year = {2007}
}




